@Book{breitman,
	title = {{Semantic Web - Concepts, Technologies and Applications}},
	year = {2007},
	publisher = {Springer},
	author = {Karin Koogan Breitman and Marco Antonio Casanova and Walter Truszkowski},
}
@Article{berners,
	title = {{The Semantic Web}},
	author = {Tim Berners-Lee and James Hendler and Ora Lassila},
	journal = {The Scientific American},
	year = {2001}
}
@Book{hitzler,
	title = {{Semantic Web}},
	year = {2008},
	author = {Pascal Hitzler and Markus Krötzsch and Sebastian Rudolph and York Sure},
	publisher = {Springer}
}
@mastersthesis{dietzold-s-2005--a,
  author = {Sebastian Dietzold},
  interHash = {f98cd3cec1df236d182ae9003a796e68},
  intraHash = {954b099d5b6b0a369f10600418e8899d},
  school = {University of Leipzig},
  title = {G{OL} {W}eb - {K}onzept eines {F}rameworks für eine axiombasierte
	{E}ntwicklung von {S}emantic {W}eb {O}ntologien auf {B}asis der {W}eb
	{O}ntology {L}anguage ({OWL})},
  type = {Diploma Thesis},
  year = {2005},
  timestamp = {2008.08.13},
  file = {dietzold-s-2005--a.pdf:/dietzold-s-2005--a.pdf:PDF},
  owner = {seebi},
  lang = {de},
  groups = {public}
}
@Book{schmidt,
	title = {{PHP Design Patterns}},
	year = {2009},
	author = {Stephan Schmidt},
	publisher = {O`Reilly}
}
@Book{young,
	title = {{The Requirements Engineering Handbook}},
	year = {2004},
	author = {R. R. Young},
	publisher = {Artech House, Boston}
}
@Book{pohl,
	title = {{Requirements Engineering}},
	year = {2008},
	author = {Klaus Pohl},
	publisher = {dpunkt.verlag GmbH}
}
@TechReport{bernstein,
	institution = {Department of Informatics,  University of Zurich},
	author = {Abraham Bernstein and Christoph Kiefer and Markus Stocker},
	title = {{Opt\-ARQ: A SPARQL Optimization Approach based on Triple Pattern Selectivity Estimation}},
	year = {2007}
}
@TechReport{parallax,
	title = {{Parallax and Companion: Set-based Browsing for the Data Web}},	
	author = {David Huynh and David Karger},
	year = {2009},
	howPublished = {\url{http://davidhuynh.net/media/papers/2009/www2009-parallax.pdf}}
}


