% This file was created with JabRef 2.6.
% Encoding: UTF8

@INPROCEEDINGS{biehey2007,
 author = {Biemann, C. and Heyer, G. and Quasthoff, U. and Richter, M.},
 title = {{The Leipzig Corpora Collection -- Monolingual Corpora of Standard
   Size}},
 booktitle = {Proceedings of the 4th Conference on Corpus Linguistics (CL)},
 year = {2007}
}

@article{BLAT03, 
title={The problem with unstructured data}, 
volume={13}, 
number={February 2003}, 
journal={DM Review}, 
publisher={POWELL PUBLISHING INC}, 
author={Blumberg, R and Atre, Shaku}, 
year={2003}, 
pages={42--49}}

@inproceedings{GAA+09, 
author = {Gaag, A. and Kohn, A. and Lindemann, U.},
title={Function-based solution retrieval and semantic search in mechanical engineering}, 
 booktitle = {IDEC '09},
 year = {2009},
 pages = {147--158}
 }

	
@inproceedings{MIN+09,
 author = {Mintz, Mike and Bills, Steven and Snow, Rion and Jurafsky, Dan},
 title = {Distant supervision for relation extraction without labeled data},
 booktitle = {ACL '09},
 year = {2009},
 pages = {1003--1011}
} 


@inproceedings{FIMA10,
 author = {Finkel, Jenny Rose and Manning, Christopher D.},
 title = {Hierarchical joint learning: improving joint parsing and named entity recognition with non-jointly labeled data},
 booktitle = {ACL '10},
 year = {2010},
 pages = {720--728}
} 

@inproceedings{CAR+10, 
Title = {Toward an Architecture for Never-Ending Language Learning}, 
Author = {Andrew Carlson and Justin Betteridge and Bryan Kisiel and Burr Settles and Estevam R. Hruschka Jr. and Tom M. Mitchell}, 
Booktitle = {AAAI}, 
Year = {2010}}

@INPROCEEDINGS{NDA+11,
AUTHOR = {Nakashole, Ndapandula and Theobald, Martin and Weikum, Gerhard},
TITLE = {Scalable Knowledge Harvesting with High Precision and High Recall},
BOOKTITLE = {WSDM},
YEAR = {2011},
PAGES = {227--236},
ADDRESS = {Hong Kong},
ISBN = {978-1-4503-0493-1},
}


@article{HasebeYoichiro:2006-12,
	author="Hasebe Yoichiro",
	title="Method for using Wikipedia as Japanese Corpus",
	journal="Doshisha studies in language and culture",
	ISSN="13441418",
	publisher="Doshisha University",
	year="2006-12",
	volume="9",
	number="2",
	pages="373-403"
}

@article{JUR10,
author = {M Mintz and S Bills and R Snow and D Jurafsky}, 
journal = {ACL},
title = {Distant supervision for relation extraction without labeled data},
pages = {1003--1011},
year = {2009},
date-added = {2011-07-21 13:03:04 +0200},
date-modified = {2011-07-21 13:03:17 +0200},
pmid = {8909232110458887429related:Bd1nvWbzo3sJ},
local-url = {file://localhost/Volumes/gerbsen/Documents/Papers/2009/Mintz/Proceedings%20of%20the%20Joint%20Conference%20of%20the%2047th%20Annual%20Meeting%20of%20the%20ACL%20and%20the%204th%20International%20Joint%20Conference%20on%20Natural%20Language%20Processing%20of%20the%20AFNLP%20Volume%202-Volume%202%202009%20Mintz.pdf},
uri = {papers://EB63DED8-54F3-47C0-A2B5-74D189417EE7/Paper/p241},
read = {Yes},
rating = {0}
}